<record><leader>00000cas a22000007a 4500</leader><controlfield tag="001">38243745</controlfield><controlfield tag="008">980122d18uu19uumeuwr ne      0    0eng d</controlfield><datafield ind1=" " ind2=" " tag="010"><subfield code="a">sn 97069048 </subfield></datafield><datafield ind1=" " ind2=" " tag="040"><subfield code="a">MBN</subfield><subfield code="b">eng</subfield><subfield code="c">MBN</subfield><subfield code="d">OCL</subfield><subfield code="d">MBN</subfield><subfield code="d">OCLCQ</subfield><subfield code="d">OCLCF</subfield><subfield code="d">OCLCO</subfield></datafield><datafield ind1=" " ind2=" " tag="042"><subfield code="a">msc</subfield></datafield><datafield ind1=" " ind2=" " tag="043"><subfield code="a">n-us-me</subfield></datafield><datafield ind1="0" ind2="4" tag="245"><subfield code="a">The Winthrop budget.</subfield></datafield><datafield ind1="1" ind2="3" tag="246"><subfield code="a">Winthrop weekly budget</subfield></datafield><datafield ind1="1" ind2="3" tag="246"><subfield code="a">Budget</subfield></datafield><datafield ind1=" " ind2=" " tag="260"><subfield code="a">Winthrop, Me. :</subfield><subfield code="b">E.O. Kelly</subfield></datafield><datafield ind1=" " ind2=" " tag="300"><subfield code="a">v.</subfield></datafield><datafield ind1=" " ind2=" " tag="310"><subfield code="a">Weekly</subfield></datafield><datafield ind1=" " ind2=" " tag="588"><subfield code="a">Description based on: Vol. 1, no. 33 (Aug. 27, 1881).</subfield></datafield><datafield ind1=" " ind2="0" tag="651"><subfield code="a">Winthrop (Me.)</subfield><subfield code="v">Newspapers.</subfield></datafield><datafield ind1=" " ind2="7" tag="655"><subfield code="a">Newspapers.</subfield><subfield code="2">fast</subfield><subfield code="0">(OCoLC)fst01423814</subfield></datafield><datafield ind1=" " ind2="7" tag="651"><subfield code="a">Maine</subfield><subfield code="z">Winthrop.</subfield><subfield code="2">fast</subfield><subfield code="0">(OCoLC)fst01227766</subfield></datafield><datafield ind1=" " ind2=" " tag="752"><subfield code="a">United States</subfield><subfield code="b">Maine</subfield><subfield code="c">Kennebec</subfield><subfield code="d">Winthrop.</subfield></datafield></record>